2183 2937
210 121 404 194 pietate
437 131 562 189 erga
594 112 837 168 DEUM
870 110 964 167 suo
1007 108 1169 166 nobis
1216 113 1464 184 exemplo
1505 111 1665 169 suasit.
1757 115 2009 187 Denique

213 212 343 249 cum
371 190 607 246 Diabolo
646 202 879 243 tentante
925 187 1264 258 congreffus,
1303 187 1582 259 repudiato
1629 188 1765 243 illius
1802 192 2011 246 seruitio

208 275 278 324 'ac
306 264 495 320 mundi
526 259 753 334 opibus,
794 259 859 315 ab
884 262 1100 333 Angelis
1128 259 1538 316 ministrantibus
1576 260 1874 319 honoratus
1905 267 2014 332 est,

215 358 275 398 ut
316 340 381 395 ad
417 337 557 392 hanc
583 354 823 410 pugnarn
854 335 1242 404 vifloriamque
1267 352 1369 389 nos
1395 337 1653 391 excitaret.
1998 352 2001 373 ³

350 433 401 480 3.
441 413 611 467 Porro
637 411 812 466 vocati
840 410 868 462 a
906 408 1115 463 Christo
1144 410 1383 479 Apostoli
1416 427 1477 464 ex
1500 407 1659 481 plebe
1685 410 1899 478 ultima,
1938 426 2016 469 at-

218 506 325 561 que
354 489 512 543 etiam
541 484 867 556 publicanis,
903 482 1093 538 relistis
1120 481 1407 548 omnibUS‚
1438 500 1725 540 vocantem
1753 504 1905 542 nouo
1933 505 2018 542 ex-

217 564 406 634 emplo
432 561 590 617 secuti
615 561 756 625 sunt,
796 556 993 629 quibus
1018 575 1117 628 pro
1151 559 1347 630 exiguis
1373 556 1743 625 facultatibtis,
1778 559 2016 616 Christus

217 637 536 707 centuplum
563 634 829 704 pollicitus
855 634 952 698 est,
992 632 1076 686 secl
1103 633 1286 686 animo
1315 630 1382 686 ab
1411 630 1665 687 omuibus
1692 634 1883 688 mundi
1900 636 2017 704 opi-

218 712 324 769 bus
349 711 521 768 voluit
545 709 645 764 esse
674 707 916 773 auulsos;
958 707 1114 760 Breui
1140 705 1273 762 vero
1304 708 1356 760 in
1386 721 1575 761 monte
1613 708 1872 763 Sermone
1896 709 2018 763 tum

217 788 355 852 hos,
379 784 498 840 tum
526 784 657 839 alios
681 782 953 838 auditores
980 782 1235 846 instruxit,
1273 781 1325 834 in
1344 778 1540 850 quibus
1567 783 1692 837 vitae
1717 781 1875 836 buius
1901 800 2018 853 per-

218 861 381 922 fef’tio
409 878 465 915 ac
495 857 770 914 beatitudo
795 858 1120 921 consisteret,
1161 869 1220 909 ut
1244 855 1307 909 ad
1333 857 1448 909 eius
1474 854 1787 910 defiderium
1819 875 2018 912 omnes

220 938 482 993 excitaret.
564 932 805 987 Tandem
833 930 898 985 ad
929 948 1109 985 rerum
1137 928 1431 984 coelestium
1457 947 1644 984 curam
1675 931 1912 984 animum
1939 932 2019 986 in·

218 1012 403 1085 primis
431 1021 748 1064 conuertere
780 1023 976 1062 omnes
1022 1004 1220 1072 voluit,
1259 1005 1437 1074 itaque
1478 1003 1681 1075 reliqua
1727 1003 2022 1062 adiicienda,

221 1088 324 1142 effe
352 1085 607 1156 promisit.
1085 1134 1088 1136 ,
1395 1129 1401 1133 i
1863 1100 1865 1102 ·

365 1180 416 1226 4.
456 1157 662 1213 Idcirco
689 1156 753 1212 ad
779 1156 1008 1214 veritatis
1035 1157 1065 1209 a
1097 1155 1145 1210 se
1173 1154 1380 1209 traditae
1406 1155 1881 1222 contestationem,
1921 1157 2024 1210 mi-

220 1255 280 1294 ra
304 1236 456 1306 supra
479 1247 724 1287 naturam
754 1245 1005 1302 operatus
1034 1230 1132 1294 est,
1172 1228 1478 1298 fidemque,
1506 1243 1565 1283 ut
1597 1227 2024 1286 fundamentum

224 1312 446 1376 Salutis,
473 1308 641 1381 exegit
664 1304 733 1360 ab
757 1302 1016 1361 omnibus
1033 1345 1049 1370 ‚
1091 1320 1252 1373 quam
1280 1304 1425 1358 miris
1452 1302 1590 1373 apud
1619 1305 1862 1374 posteros
1888 1322 2022 1375 ope-

181 1449 193 1457 ·
225 1384 377 1449 ribus
416 1380 738 1438 firmandam
776 1378 1032 1450 praedixit.
1112 1379 1233 1432 Post
1269 1375 1439 1444 hanc,
1479 1377 1545 1430 ad
1577 1380 1728 1448 spem
1748 1375 2027 1443 fiduciam*

227 1478 333 1532 que
371 1476 568 1513 omnes
594 1499 612 1523 ,
647 1452 823 1511 verbis
850 1496 866 1520 ‚
908 1451 1157 1522 faffisque
1181 1493 1197 1517 ,
1236 1469 1380 1505 nunc
1423 1469 1586 1521 panes
1627 1451 2027 1522 multiplicans,

225 1552 372 1592 nunc
396 1534 526 1587 mari
555 1540 606 1586 &
629 1531 804 1586 ventis
827 1530 1125 1598 imperanS,
1152 1527 1407 1580 excitauit.
1458 1527 1733 1581 Postremo
1759 1527 1815 1579 in
1836 1542 2026 1583 monte

229 1608 410 1665 Tabor
433 1606 721 1680 gloriosus,
767 1605 867 1657 suis
900 1620 1084 1657 coram
1121 1601 1384 1670 discipulis
1423 1608 1473 1656 &
1507 1598 1810 1655 Christianis
1849 1603 2029 1658 omni-

229 1683 338 1741 bus
362 1681 681 1739 defiderium
718 1680 943 1734 coelestis
969 1677 1156 1732 Patriae
1182 1717 1199 1744 ,
1239 1674 1539 1749 gloria-:que
1564 1675 1761 1730 iniecit.
2017 1669 2024 1674 ⁴

721 1817 1026 1889 Disticha
1079 1818 1529 1888 memorialia.

238 1965 288 2002 1.
327 1943 468 2002 Hinc
497 1939 706 1997 Daemon
740 1939 876 2009 rapit
907 1935 1010 2010 astu
1046 1934 1317 2003 hominem,
1345 1937 1459 1994 DE
1466 1934 1566 1994 HS
1598 1936 1710 1996 inde
1741 1940 1971 2012 vicg’ffim,

446 2017 579 2072 Dux
604 2020 776 2069 vocat.
833 2011 882 2067 Jt
905 2010 1087 2083 triplici
1111 2010 1462 2086 claffefi’cutus
1501 2011 1663 2069 homo.

238 2115 289 2153 2.
328 2087 679 2166 Baptizandus
713 2085 820 2143 abit
855 2083 1095 2157 Chrrstus:
1118 2088 1338 2158 Jeiunus
1372 2087 1447 2150 Εἴ
1471 2106 1654 2155 orans,

440 2164 584 2221 Solus
616 2167 719 2240 agit
751 2163 917 2216 vider
940 2162 1167 2217 daemonis
1197 2161 1308 2218 inde
1328 2160 1526 2234 triplex.

241 2261 291 2311 3.
331 2238 612 2315 Diftipulos
643 2242 768 2293 mira
799 2244 909 2291 arte
933 2234 1076 2312 legit,
1112 2245 1447 2309 praeceptaque
1472 2236 1641 2295 condit

443 2315 568 2390 Lege
597 2330 737 2368 nova
757 2353 772 2375 ‚
817 2309 1018 2366 Primus
1047 2310 1249 2367 mandat
1277 2309 1456 2368 habere
1489 2310 1674 2369 Deum.

240 2412 290 2458 4.
327 2387 607 2451 Aliraculis
642 2390 789 2459 fouet
809 2387 899 2458 ἱρῇ»
911 2384 1085 2454 fidem,
1118 2385 1334 2459 spemque
1359 2389 1552 2446 excitat
1576 2404 1794 2458 omnem,

446 2463 514 2523 Et
544 2460 783 2535 defideriis
822 2459 995 2518 imbuit
1028 2457 1273 2536 ethereis.

1676 2600 2032 2696 VLTypus
