2183 2937
347 128 395 168 2.
429 108 713 187 Qidquid
747 106 926 166 homo
958 107 1192 181 poffidet
1212 108 1491 168 bonorum
1530 111 1638 169 flue
1678 124 1882 172 naturae
1906 114 2013 175 siue

210 188 394 263 gratiae
416 229 431 254 ‚
473 187 582 241 hoc
613 205 714 257 pro
747 183 997 241 arbitratu
1034 188 1125 240 su“
1169 185 1494 243 distribuenti
1529 189 1704 244 DEO
1743 191 1815 245 ita
1835 205 2013 248 toturn

208 261 465 327 debetur,
506 273 565 316 ut
599 258 773 315 homo
806 260 930 316 inde
964 275 1198 331 nequeat
1227 261 1466 334 gloriari,
1506 280 1608 318 nec
1646 264 1808 320 alium
1837 266 1891 320 in
1924 264 2010 322 his

209 334 555 392 conferendis
577 336 793 390 DEUS
827 332 996 391 finem
1022 335 1298 406 spestauit,
1332 343 1526 406 praeter
1549 337 1599 392 se
1621 338 1876 409 suamque
1896 340 2014 414 gloss

207 413 380 478 riam,
419 428 531 482 quo
565 408 767 465 idcirco
805 410 834 465 ὲ
872 407 1033 465 nobis
1072 412 1236 465 etiam
1271 408 1553 466 referenda
1596 413 1712 466 sunt
1744 414 2012 482 uniuersa,

207 504 447 557 cumque
473 486 686 540 DEUS
716 502 776 540 ex
799 486 1026 558 gratuito
1055 481 1292 551 efficaci,
1316 503 1375 540 ac
1399 501 1664 556 perpetuo
1689 505 1876 543 amore
1890 485 2013 545 haee

206 560 368 622 nobis
404 561 668 627 donaret,
720 578 816 631 par
850 560 947 615 erit
975 558 1125 614 fimili
1151 577 1285 626 nos,
1328 574 1589 630 quantum
1625 561 1786 629 licet,
1824 581 2012 621 amore

205 635 547 708 respondere.

346 730 395 777 3.
433 711 579 766 Cum
606 706 870 781 professus
903 709 1090 764 Petrus
1117 709 1269 775 effer,
1309 711 1359 765 se
1388 707 1654 766 Christum
1679 729 1888 778 amare,
1914 712 2012 768 iusss

205 787 263 842 fit
291 785 528 840 Christus
553 786 605 839 in
633 783 740 839 hoc
767 785 871 839 esse
897 798 1109 839 tantum
1126 799 1184 839 ut
1209 787 1257 839 se
1287 786 1621 856 sequeretur:
1659 787 1842 841 multis
1866 787 2011 842 enim

204 860 369 916 titulis
386 860 449 914 ad
468 861 515 914 D
532 861 568 913 E
585 860 604 913 Ι
619 859 956 915 voluntatem
971 861 1022 913 in
1041 857 1298 914 omnibus
1314 859 1639 930 sequendam
1653 902 1668 925 ‚
1686 859 1861 915 homo
1877 858 2012 915 obli-

204 950 372 1010 gatur.
412 936 474 990 Et
501 930 807 989 neceffitate
834 948 976 988 certa
991 933 1053 988 ad
1070 933 1177 988 hoc
1204 933 1393 990 volens
1416 935 2012 1006 nolenstenetur‚prae-

202 1026 448 1081 terquam
466 1008 617 1078 quod
638 1024 746 1062 tam
774 1009 1053 1063 stimmaD
1071 1008 1141 1062 EI
1170 1009 1472 1064 excellentia
1488 1026 1652 1079 quarn
1677 1011 1853 1064 nostra
1876 1010 2012 1064 utili-

203 1097 314 1154 tssflaS,
344 1083 451 1138 hoc
483 1084 743 1153 requirat,
783 1081 1017 1153 ideoque
1057 1101 1169 1138 non
1207 1082 1420 1138 aduersa
1452 1084 1659 1148 minus,
1699 1102 1862 1154 quam
1885 1102 2013 1155 pro-

205 1162 353 1232 spera
377 1177 502 1214 cum
541 1157 1037 1232 grati-arumaffione
1060 1200 1076 1224 ,
1121 1158 1148 1212 ὲ
1173 1158 1271 1213 DE
1287 1158 1342 1213 O
1376 1159 1586 1229 semper
1609 1160 1707 1213 fint
1731 1173 2012 1229 acceptan-

204 1235 300 1304 da,
331 1242 380 1291 δε
402 1251 498 1304 per
512 1232 621 1289 hoc
649 1235 857 1288 summa
884 1231 1043 1288 huius
1067 1234 1195 1289 vitae
1228 1234 1377 1305 quies
1403 1241 1453 1289 &
1475 1233 1696 1288 felicitas
1722 1231 2009 1289 obtinetur.

222 1319 228 1322 “
333 1331 386 1376 4.
413 1306 653 1364 Christus
680 1309 983 1363 ascensurus
1000 1307 1066 1363 ad
1091 1308 1280 1373 coeloe„
1306 1307 1569 1378 discipulis
1590 1309 1809 1363 suisiarn
1839 1310 1928 1364 ase
1944 1308 2012 1363 ad

204 1383 759 1449 vi'rtuteminstrustis‚
796 1383 1239 1453 praedicationem
1264 1381 1536 1456 Euangelii
1560 1386 1613 1438 δε
1634 1382 1857 1454 salutem
1885 1401 2011 1454 pro-

200 1461 474 1514 ximorum
499 1459 820 1525 committit3
857 1458 905 1511 se
931 1472 1112 1512 tamen
1135 1476 1263 1512 curn
1289 1459 1409 1528 ipsis
1436 1459 1646 1527 semper
1666 1460 2010 1525 mansurum,

201 1552 264 1590 ex
289 1533 531 1607 singulari
555 1533 939 1603 perseuerantis
969 1535 1168 1588 amoris
1195 1532 1385 1588 affectu
1413 1531 1661 1587 declarat.
1696 1531 1781 1586 Ad
1797 1533 2008 1588 Patrem

201 1610 339 1665 vero
373 1605 1017 1682 coelestemque'gloriam
1053 1609 1104 1663 se
1138 1604 1311 1676 abire,
1356 1621 1414 1663 ut
1437 1606 1536 1662 illis
1572 1606 1862 1679 aliquando
1889 1606 2008 1682 sub-

201 1685 456 1740 secuturis
504 1683 692 1739 locum
726 1696 1012 1754 praeparet.

694 1834 1002 1901 Disticha
1036 1834 1495 1902 Memorialia.

207 1965 254 2001 1.
297 1944 483 2002 Petrus
508 1962 678 2001 amans
694 1944 881 2019 poscit:
921 1944 1135 2016 nostrum
1167 1942 1308 2000 Deus
1346 1941 1499 2001 ambit
1528 1960 1770 2010 amorem,

217 2045 221 2049 ·
353 2019 509 2076 Hunc
539 2019 667 2076 bona
699 2037 892 2091 quaeque
916 2016 1131 2074 homines
1156 2017 1232 2080 &5³
1256 2017 1384 2074 mala
1409 2037 1601 2091 quaeque
1624 2018 1812 2076 docent.

205 2114 253 2150 2.
295 2091 478 2152 Guntia
516 2094 572 2149 D
592 2094 637 2150 E
647 2093 701 2150 cl
712 2092 750 2149 S
783 2091 986 2158 tribuit,
1017 2095 1297 2148 cantiorum
1317 2091 1480 2168 gloria
1503 2092 1600 2167 soli
1622 2092 1683 2166 est

343 2168 576 2233 Debita,
620 2176 673 2224 tu
699 2168 930 2225 dextram
969 2166 1114 2243 Regis
1144 2170 1354 2223 amantis
1385 2185 1515 2222 ama.

205 2262 251 2310 3.
295 2242 499 2301 Petrum
525 2285 540 2308 ,
580 2251 744 2315 teque,
771 2245 910 2317 st’qui
947 2242 1061 2299 vult
1087 2238 1324 2313 Christus,
1363 2240 1489 2298 mille
1512 2244 1690 2298 teneris

360 2318 658 2375 Nominibus
683 2360 697 2384 ,
734 2320 850 2392 sors
877 2315 953 2374 hic
990 2315 1208 2389 quaelibet
1241 2325 1360 2388 apta
1391 2316 1485 2372 tibi
1511 2315 1590 2386 est.

205 2414 258 2459 4.
302 2392 580 2466 Discipulos
610 2400 717 2450 toto
751 2390 868 2449 orbe
899 2390 1031 2448 iubet-
1055 2391 1281 2465 resonare
1303 2394 1514 2463 futurus

353 2468 405 2525 E
427 2467 559 2525 coelis
573 2468 784 2543 praesens
810 2509 824 2533 ‚
863 2485 981 2540 quos
1003 2466 1142 2522 modo
1177 2466 1349 2522 durior
1377 2464 1499 2523 adit.

911 2556 1022 2609 ’ἢῆ
1052 2558 1121 2609 (0)
1151 2560 1260 2610 &4³10-
