2183 2937
237 116 495 175 omnibus
532 112 630 168 illis
655 151 671 179 ‚
711 110 799 182 qui
822 107 968 166 suam
995 119 1176 165 amant
1197 108 1415 166 salutem
1432 151 1448 176 ,
1473 111 1670 166 merito
1696 109 2033 180 sequendum

236 189 629 251 &imitandum
663 185 897 251 ωηξὶίε,
935 185 1024 255 qui
1059 184 1178 240 salui
1205 182 1317 240 fieri
1354 184 1561 240 volunt.
1613 182 1794 240 Habes
1821 182 2031 252 himo!

233 267 437 324 homo!
464 262 703 334 inprimis
731 258 1037 331 exemplum
1062 255 1495 330 profundissimae
1523 257 1865 325 humilitatiS,
1908 277 2034 330 quae

235 357 498 411 tanquam
537 334 962 396 fundamentum
1013 347 1331 389 caeterarum
1377 335 1638 390 virtutum
1665 335 1718 387 in
1759 333 2036 390 Saluatore

236 418 420 473 nostro
470 412 714 467 nascente
755 410 1029 481 praecipue
1067 409 1310 464 eminuit.
1395 405 1576 463 Habes
1601 407 1688 462 hic
1713 449 1729 473 ,
1773 406 1808 461 ὃ
1834 406 2035 463 homo!

238 488 544 560 exemplum
567 499 914 555 contemptus
951 482 1148 540 Mundi
1187 491 1240 539 &
1272 480 1551 540 bonorum
1581 483 1694 555 ejus
1714 524 1730 546 ‚
1773 499 1898 551 quae
1924 497 2038 538 tan-

238 584 404 638 quam
428 563 609 617 minus
645 560 1025 615 convenientia
1047 558 1226 625 saluti,
1265 555 1506 612 Christus
1529 559 1623 612 suo
1658 552 1824 611 nobis
1861 574 2040 613 exem-

237 640 335 714 plo
359 637 544 693 docuit
570 637 673 691 effe
693 633 1032 708 negligenda.
1376 631 1380 635 '

367 734 419 780 4.
458 709 642 766 Habes
669 719 888 780 quoque
926 709 977 762 in
1017 707 1189 778 prima
1225 709 1339 762 eius
1375 720 1529 762 aetate
1561 706 1818 780 singulare
1848 704 2038 761 obedi-

240 791 401 848 entiae
437 785 740 855 exemplar,
795 785 918 853 quia
961 782 1064 854 legi
1103 782 1243 835 DEI
1288 783 1341 835 in
1390 783 1793 835 circumcisione
1835 781 2039 851 paruit,

241 862 446 923 Herodi
480 862 612 934 Regi
645 858 978 930 persequenti
1002 858 1054 910 in
1081 854 1208 929 fuga
1246 851 1420 920 cessit,
1459 853 1768 926 parentibus
1800 853 2038 910 subditus

241 939 359 997 fuit.
438 936 658 1010 Qibus
682 931 908 988 ostendit
937 929 1058 995 tibi,
1101 945 1298 1000 quanta
1321 931 1446 985 esset
1489 929 1647 984 huius
1683 931 1885 986 virtutis
1909 947 2038 983 cum

241 1015 434 1071 utilitas
468 1027 587 1066 tum
620 1002 914 1077 neceffitas.
989 1005 1125 1059 Huic
1152 1006 1403 1075 pietatem
1435 1022 1560 1077 erga
1585 1005 1825 1057 DEUM
1867 1005 2040 1075 fingu-

242 1090 337 1146 lari
361 1089 414 1141 in
440 1084 643 1155 templo
669 1081 805 1137 DEI
838 1081 1271 1135 commoratione
1298 1087 1348 1134 &
1369 1078 1542 1132 studio
1567 1079 1751 1142 iunxit,
1792 1077 2038 1132 DEUM

243 1157 556 1236 parentibus
600 1166 652 1213 &
683 1153 846 1212 rebus
891 1155 1100 1210 caeteris
1143 1151 1545 1225 praeferendum
1596 1151 1838 1217 docens,
1890 1150 2040 1220 quod

244 1239 373 1296 hinc
395 1235 664 1294 detinetur
687 1233 742 1291 in
764 1248 866 1289 nos
889 1247 1056 1291 omne
1082 1227 1312 1283 bonum.
1393 1227 1547 1286 Unde
1572 1224 1770 1282 faf'tum
1787 1267 1802 1291 ,
1842 1239 1900 1279 ut
1917 1243 2041 1295 pro-

247 1311 437 1369 ficeret
465 1308 725 1380 Sapientia
744 1313 795 1362 δε
825 1306 989 1379 gratia
1012 1322 1198 1359 coram
1224 1304 1275 1358 D
1291 1303 1327 1356 E
1343 1302 1398 1356 O
1434 1304 1488 1361 ’δε
1512 1298 1859 1371 hominibuS‚
1878 1296 2060 1358 nobis*

249 1388 304 1445 in
324 1387 407 1443 his
431 1380 689 1441 omnibus
715 1380 781 1439 ad
803 1378 1112 1456 exemplum
1135 1378 1464 1455 propositus.

755 1609 1056 1682 Disticha
1105 1607 1552 1679 memorialia.

257 1764 306 1803 1.
349 1743 403 1805 Ο
427 1741 524 1803 Res
549 1740 735 1801 Mira!
773 1747 824 1800 in
848 1760 996 1799 carne
1020 1740 1131 1798 DE
1137 1738 1239 1797 HS
1248 1782 1264 1806 ‚
1303 1758 1446 1813 quam
1483 1735 1657 1816 Virgo
1695 1735 1808 1796 DE
1818 1732 2006 1811 llSque

441 1818 678 1879 Prodidit
705 1817 776 1875 ad
792 1820 954 1875 vitam
988 1816 1214 1889 Duxque
1235 1814 1469 1888 Salusque
1503 1812 1636 1871 mibi.

254 1946 306 1986 2.
344 1923 458 1985 Rex
479 1923 662 2002 Regum
687 1922 778 1980 tibi
802 1921 938 1978 Dux
958 1923 1121 1994 fastus
1142 1963 1157 1987 ‚
1189 1918 1472 1997 pugnabitis
1497 1937 1628 1986 una,

443 1999 515 2057 [lt
538 2000 686 2074 praeit
728 1995 944 2070 exemplo
968 2038 986 2063 ,
1012 1997 1080 2069 fic
1106 1999 1301 2053 imitare
1329 1996 1540 2052 Ducem.

260 2135 310 2185 3.
347 2115 408 2174 In
431 2110 628 2189 stabulo
672 2106 892 2167 DEHS
924 2116 1063 2166 ortus
1085 2107 1228 2165 homo
1252 2150 1268 2175 ‚
1306 2109 1515 2165 virtutis
1542 2107 1699 2182 imago

446 2188 689 2263 Nascitur
711 2186 787 2248 ἑῇ*
808 2183 976 2241 mundi
996 2182 1116 2257 quid
1121 2185 1186 2256 fit
1209 2186 1383 2248 inane,
1420 2181 1577 2239 docet.

261 2326 313 2374 4.
351 2299 592 2362 subditur
616 2297 835 2375 obft’quio
865 2297 1139 2356 Maiorum
1165 2293 1375 2370 Christus
1399 2339 1413 2362 ‚
1453 2295 1529 2359 ἐς*
1550 2313 1699 2352 unum

449 2373 645 2449 Spectat
668 2372 842 2449 ubique
867 2372 982 2432 DE
989 2371 1047 2429 LI
1054 2371 1142 2434 M
1150 2413 1166 2439 ‚
1194 2369 1538 2447 proficiensque
1561 2369 1738 2446 placet.

1720 2629 2043 2723 V.Typus
