2183 2937
1019 449 1114 519 11.

176 605 522 747 Typus
549 609 928 738 peceati
972 611 1064 699 in
1094 596 1482 739 Angelis
1503 680 1524 714 ‚
1610 597 1963 703 Proto-

325 742 771 860 parentibus
813 743 897 824 ὅ(
944 741 1098 823 aliis
1141 738 1588 822 hominibus
1637 770 1812 856 gra-

805 852 1058 922 viffime
1100 852 1298 944 plexi.

89 1024 115 1047 ⁰
176 1025 446 1096 Thema
487 1047 504 1090 z
567 1022 697 1091 Ubi
738 1041 1039 1089 nunees
1068 1075 1087 1101 ‚
1138 1028 1252 1109 qui
1297 1027 1369 1088 in
1410 1018 1643 1088 delitiis
1692 1020 1964 1110 paradifl

344 1118 535 1208 DEl
584 1115 762 1184 fuisti
795 1165 813 1192 ,
861 1116 1102 1206 plenus
1142 1118 1468 1207 sapientia
1510 1116 1573 1183 δε
1620 1116 1962 1206 Ρεῑῐεᾶυε

350 1211 615 1281 decore.
679 1210 915 1280 Ezech.
954 1217 1063 1293 28.

1051 1384 1099 1423 1.

396 1462 508 1519 Ro!
548 1472 804 1533 quantam
857 1460 1071 1516 DEUS
1114 1458 1363 1515 aduersus
1400 1472 1686 1531 peccatum
1726 1459 1965 1536 indigna}

432 1539 640 1593 tionem
664 1538 928 1608 concipit:
955 1536 1078 1607 quia
1109 1534 1236 1590 illud
1261 1550 1369 1591 tam
1397 1537 1576 1592 seuere
1601 1540 1752 1607 punit
1775 1545 1825 1593 &
1851 1552 1963 1594 tan-

435 1628 492 1668 to
520 1611 650 1667 odio
674 1627 987 1684 peccatores
1022 1611 1358 1682 prosequitur
1380 1653 1396 1677 ,
1439 1626 1496 1666 ut
1517 1612 1751 1682 prima5‚
1795 1613 1961 1667 excel-

434 1684 846 1758 lentiffimasque
881 1701 1144 1741 creaturas
1176 1688 1291 1740 suas
1315 1686 1554 1760 Angelos
1574 1729 1589 1752 ‚
1631 1687 1787 1740 unica
1817 1689 1965 1761 cogi-

175 1765 375 1819 tatione
423 1759 645 1833 superba
681 1763 875 1828 elatOS,
925 1760 1117 1817 deinde
1175 1760 1448 1816 Adamum
1492 1763 1643 1831 pomi
1681 1762 1835 1816 solius
1879 1765 1968 1818 esu

175 1838 646 1910 praeuaricantem,
670 1855 776 1895 una
811 1854 938 1891 cum
973 1837 1190 1907 posteris
1216 1855 1232 1902 3
1275 1834 1505 1906 denique
1535 1838 1850 1892 innumeros
1880 1837 1968 1892 ali-

177 1931 241 1968 os
281 1913 533 1968 mortales
561 1929 674 1967 non
697 1914 835 1984 saepe
873 1910 1244 1982 delinquentes
1266 1952 1282 1979 ‚
1323 1912 1534 1967 aeternis
1562 1908 1776 1986 ignibus
1804 1910 1968 1968 dede·

177 1989 241 2043 rit
265 1986 605 2043 cruciandos.

319 2080 368 2117 2.
407 2063 521 2117 Nec
546 2061 846 2116 immerito:
884 2080 1009 2117 nam
1047 2062 1335 2117 Peccatum
1363 2062 1585 2117 mortale
1612 2063 1684 2116 est
1712 2063 1911 2117 aversio
1937 2061 1967 2116 a

176 2138 391 2194 summo
417 2134 570 2191 bono
594 2178 609 2202 ,
649 2134 883 2206 ideoque
909 2138 1178 2191 summum
1210 2136 1414 2192 malum
1442 2180 1456 2203 ,
1497 2156 1622 2192 cum
1647 2137 1789 2191 DEI
1837 2138 1968 2205 inju-

177 2213 252 2267 ria
276 2220 325 2266 δε
362 2211 558 2266 offensa
592 2207 889 2284 gravissima
925 2211 1292 2267 coniunstum.
1368 2213 1538 2267 Tanto
1576 2210 1804 2284 proinde
1838 2211 1969 2267 indi-

179 2288 336 2361 gnius
360 2328 376 2352 ,
400 2286 549 2357 quod
578 2286 606 2341 a
632 2281 874 2342 viliffima
898 2304 957 2341 ac
985 2288 1274 2343 miserrima
1295 2329 1311 2353 ‚
1333 2300 1440 2342 tam
1470 2288 1521 2341 in
1550 2304 1780 2357 corpore
1805 2304 1969 2356 quam

181 2362 356 2416 anima
381 2375 618 2416 creatura
650 2359 955 2417 admittatur
978 2404 995 2428 ‚
1035 2362 1195 2432 idque
1231 2362 1478 2417 aduersus
1510 2363 1646 2416 DEI
1669 2363 1969 2431 supremam

182 2438 237 2492 δε
274 2433 478 2505 ubique
521 2437 834 2506 praesentem
861 2478 877 2503 ,
931 2438 1242 2492 omnisciam
1266 2479 1281 2503 ‚
1332 2451 1698 2507 aeternamque
1735 2437 1970 2505 majesta-

179 2524 333 2643 tem&
358 2513 656 2643 {otentiam
681 2528 740 2567 ac
765 2509 1062 2570 bonitatem
1083 2554 1100 2579 ‚
1137 2514 1222 2568 cui
1247 2530 1415 2569 omne
1454 2526 1695 2568 creatum
1729 2508 1969 2583 obsequi-

179 2600 278 2644 um
339 2603 366 2644 e
410 2586 545 2645 itum
572 2587 658 2642 est.

1083 2662 1129 2716 A
1169 2679 1200 2720 2
1793 2661 1970 2725 3.Por-
