2183 2937
971 440 1022 507 1.

523 533 870 677 Typus
914 530 1483 637 CreationiS.

112 741 424 811 Thema:
480 739 666 833 Quid
695 742 785 808 est
816 738 1073 822 homo,
1117 740 1302 830 quod
1332 765 1602 812 memor
1632 767 1698 813 es
1725 749 1903 831 ejus?

332 847 632 915 Minuisti
684 866 842 914 eum
908 846 1114 938 paulo
1179 854 1407 919 minus
1459 851 1543 920 ab
1605 856 1905 945 Angelis,

329 945 655 1029 psalm-fg.

975 1125 1024 1161 1.

121 1161 147 1183 6

351 1264 355 1267 Α
418 1214 592 1267 Amor
624 1209 1086 1284 incomparabilis,
1110 1212 1208 1268 0!
1245 1215 1475 1272 excessus
1501 1214 1901 1280 beneuolentiae

436 1286 830 1342 &liberalitatis
863 1288 1099 1342 Diuinae.
1205 1289 1421 1344 DEUS
1468 1289 1534 1346 ab
1572 1308 1778 1352 aeterno
1810 1297 1903 1355 fibi

434 1358 734 1426 sufficien5‚
772 1359 1058 1417 hominem
1094 1363 1147 1416 in
1176 1376 1424 1434 tempore
1457 1383 1516 1420 ex
1552 1366 1748 1437 nihilo,
1789 1366 1910 1446 gra--v

433 1437 564 1491 tuita
601 1437 689 1489 sua
719 1432 957 1490 bonitate
996 1437 1282 1506 produxit,
1335 1439 1420 1493 illa
1451 1455 1655 1497 naturae
1683 1446 1904 1519 dignita-

107 1525 162 1568 te
187 1553 203 1577 ,
243 1525 350 1580 qua
379 1523 646 1565 creaturas
684 1523 909 1565 caeteras
946 1510 1273 1567 irrationales
1307 1512 1468 1588 longe
1502 1516 1804 1586 superaret,
1843 1536 1902 1578 ut

106 1605 202 1658 par
238 1586 457 1659 Angelis
506 1602 566 1638 ac
608 1583 784 1638 DEO
832 1583 1008 1638 similis
1034 1627 1050 1651 ‚
1112 1585 1178 1641 ad
1220 1588 1411 1642 summi
1454 1588 1685 1661 denique
1724 1592 1900 1663 boni,

105 1660 259 1730 quod
291 1661 394 1730 ipse
434 1658 616 1713 DEUS
653 1660 724 1714 est
750 1699 767 1726 ,
815 1656 1195 1730 poffeffionem
1222 1703 1241 1729 ,
1306 1664 1574 1719 aeternclm
1619 1664 1740 1723 felix
1781 1687 1901 1741 per-

106 1747 328 1791 veniret.

249 1826 298 1864 a.
336 1810 400 1863 Et
423 1821 482 1863 ut
507 1808 572 1862 ad
597 1806 741 1863 hunc
769 1807 934 1864 finem
956 1809 1107 1864 suum
1133 1850 1150 1876 ‚
1192 1809 1290 1864 scil.
1321 1810 1386 1865 ad
1413 1814 1597 1868 aeterni
1624 1810 1758 1870 boni
1782 1821 1902 1889 pos:

104 1879 389 1939 seffionem
412 1881 755 1952 perduceret,
785 1901 979 1939 omnes
1006 1886 1051 1939 ei
1082 1898 1348 1939 creaturas
1377 1884 1622 1960 subjecit,
1662 1891 1902 1965 Angelo-

103 1973 335 2026 rumque
364 1964 414 2012 δε
436 1958 581 2012 suam
607 1957 798 2019 addixit
820 1976 1004 2029 opem.
1059 1957 1282 2013 Eaedem
1308 1959 1409 2014 illae
1442 1977 1696 2018 creaturae
1722 1965 1900 2023 homi-

103 2032 160 2086 ni
201 2032 432 2086 seruiunt
473 2031 537 2100 ad
587 2033 1026 2104 cognoscendum
1064 2035 1216 2088 suum
1254 2049 1552 2092 creatorem
1580 2079 1595 2101 ‚
1643 2054 1901 2112 tanquam

103 2101 318 2160 fontem
347 2106 528 2159 omnis
550 2102 683 2160 boni
711 2115 762 2161 &
789 2105 1071 2163 authorem
1098 2111 1281 2174 suum,
1322 2111 1406 2163 cui
1435 2126 1620 2180 parent
1642 2115 1693 2167 in
1723 2119 1900 2172 omni-

102 2176 227 2234 bus,
303 2178 456 2253 Qin
485 2180 695 2235 suomet
720 2182 880 2236 etiam
923 2197 1180 2237 creaturae
1221 2181 1432 2238 defestu
1468 2187 1900 2258 &imperfestio-

105 2270 175 2308 ne
200 2252 265 2307 ad
288 2253 561 2309 summum
594 2254 1014 2327 indeficiensque
1041 2254 1253 2313 bonum
1290 2257 1755 2331 amplestendum,
1796 2264 1899 2322 ho-

103 2328 311 2384 minem
340 2329 567 2401 erigunt.

255 2418 304 2467 3.
345 2401 567 2457 Obinde
591 2403 856 2460 utendum
881 2405 964 2463 vel
1000 2402 1372 2463 abstinendum
1410 2412 1689 2477 creatum,
1728 2426 1896 2482 prout

103 2474 172 2531 ad
196 2474 363 2531 finem
388 2475 677 2533 conferunt
710 2481 796 2536 vel
821 2477 1017 2535 obsunt
1041 2523 1057 2548 ,
1093 2485 1231 2555 juxta
1269 2483 1405 2538 DEI
1443 2500 1732 2556 praecepta.
1808 2488 1894 2542 Ad

104 2550 257 2623 quod
279 2550 581 2624 conducet,
607 2554 644 2610 fi
661 2554 770 2612 suae
785 2556 1003 2628 quisque
1026 2558 1329 2688 vacationis
1350 2559 1617 2637 rationem
1638 2578 1699 2618 ac
1724 2558 1892 2690 fisnem

1773 2653 1894 2710 aepe
