2183 2937
257 110 422 183 quam
463 123 640 164 amara
675 104 750 161 est
785 102 1052 160 memoria
1091 112 1181 159 tua
1204 143 1219 171 ‚
1268 100 1475 160 homini
1520 120 1713 177 pacem
1748 100 1969 162 habenti
2001 104 2055 162 in

257 185 549 242 substantiis
576 225 591 248 ‚
629 182 751 237 viro
770 181 969 251 quieto·
1482 230 1484 232 ,

273 295 275 297 ψ
427 277 475 312 2.
516 258 563 310 A
587 269 764 310 morte
800 256 890 309 seu
916 252 1032 325 post
1058 249 1215 323 hujus
1255 252 1379 309 vitae
1405 253 1601 308 exitum
1629 254 1796 309 statim
1838 250 2059 326 quilibet

256 330 601 411 judicabitur,
643 329 1164 411 daturuagationem
1190 326 1257 382 de
1284 327 1535 382 uniuersis
1563 370 1578 394 ‚
1620 325 1780 383 bonis
1803 329 2058 399 malisque

257 408 533 484 cogitatis»,
564 401 742 463 verbis
768 411 818 459 δι
836 399 1118 474 operibus,
1170 400 1382 457 Deinde
1411 402 1602 456 ultimo
1638 403 1833 457 Mundi
1860 403 1946 458 die
1967 422 2058 474 pa-

256 487 367 541 lam
412 485 466 538 in
523 480 696 536 oculis
756 479 923 533 totius
984 489 1244 532 creaturae
1308 473 1789 531 manifestabuntur
1857 478 2057 532 secreta

256 561 442 617 omnia
464 599 481 623 ‚
515 555 582 611 ad
614 551 1002 625 improborum
1037 549 1414 606 confusionem
1439 592 1455 616 ,
1506 552 1732 625 gloriam
1761 549 2059 606 detiorum

257 644 309 693 δι
334 633 646 704 aequitatem
699 629 833 682 DEI
868 626 1146 700 iudicantis
1186 626 1547 696 aperiendam.
1628 625 1906 681 Postremo
1946 627 2057 681 sen·

257 711 428 767 tentia
458 703 724 777 improbis
757 701 1051 757 metuenda
1072 742 1087 767 ,
1125 699 1311 772 probis
1335 700 1568 771 optanda
1602 697 2051 772 pronuntiabitur.

402 801 452 850 3.
491 780 642 855 Qid
667 778 845 834 dicam
873 777 938 831 de
965 774 1238 831 horrenda
1262 773 1456 830 Inferni
1484 793 1648 846 poena
1667 818 1683 843 ‚
1721 794 1844 846 quae
1873 776 2056 830 omnia

257 859 418 933 hujus
443 855 639 912 Mundi
668 849 1042 926 excogitabilia
1079 850 1332 922 supplicia
1362 852 1568 921 superat
1590 892 1605 916 ,
1659 847 1833 906 se'nsus
1861 867 2056 905 ornnes

258 933 506 1005 corporis
535 930 732 1005 affliget
765 935 815 983 St
837 924 1091 981 membra
1117 926 1300 979 omnia
1329 925 1600 995 pervadet.
1642 926 1897 980 Animam
1921 942 2058 995 quo-

257 1027 364 1081 que
421 1009 644 1079 ejusque
695 1003 959 1075 potentias
1022 1001 1292 1055 uniuersas
1357 995 1688 1054 acerbissime
1743 1001 2053 1054 cruciatura.

255 1087 465 1140 Verum
504 1081 611 1136 sola
649 1078 917 1135 aeternitas
946 1077 1015 1131 est
1037 1117 1053 1142 ‚
1110 1092 1236 1145 quae
1272 1076 1408 1129 inter
1449 1071 1572 1128 haec
1607 1075 1794 1129 omnia
1829 1091 2058 1129 omnem

259 1159 644 1233 suppliciorum
669 1154 1005 1209 atrocitatem
1040 1150 1205 1224 longe
1229 1146 1509 1220 superabit.

266 1292 270 1295 .
387 1253 438 1300 4.
478 1231 580 1288 Via
603 1232 811 1301 insuper
838 1227 1025 1283 Salutis
1055 1224 1191 1280 adeo
1221 1225 1358 1279 arsta
1381 1226 1480 1290 est,
1519 1237 1580 1278 ut
1603 1225 1811 1279 summa
1836 1237 2059 1279 conten-

257 1311 407 1366 tione
442 1325 582 1380 opus
627 1308 722 1372 fit,
780 1321 908 1359 cum
949 1296 1246 1373 pauciffimi
1290 1298 1582 1376 hominurn
1627 1299 1911 1354 saluentur.
1989 1299 2059 1352 Ex

256 1386 463 1444 vocatis
502 1383 663 1437 etiam
705 1379 770 1434 ad
803 1377 972 1433 fidem
1017 1376 1198 1447 plures
1235 1382 1453 1445 perean't
1482 1416 1499 1440 ,
1539 1382 1714 1444 quam'
1740 1374 1861 1428 salui
1899 1371 2060 1438 fiant,

258 1458 334 1516 ob
361 1456 661 1533 neglet‘tam
688 1455 825 1510 DEI
850 1453 1139 1528 gratiam&
1159 1449 1374 1504 admiffa
1396 1465 1616 1521 peccata
1638 1491 1653 1515 ‚
1693 1467 1815 1519 quae
1839 1449 1888 1503 D
1906 1447 2055 1502 EUS

259 1550 408 1591 certo
447 1549 680 1588 numero
721 1529 978 1601 permittit
1019 1545 1078 1582 ae
1129 1525 1323 1581 deinde
1360 1539 1700 1596 peccatorem
1740 1523 1959 1589 deserit,
2001 1534 2060 1576 ut

259 1612 371 1684 jure
399 1608 631 1680 quoduis
656 1618 943 1677 peccatum
975 1604 1182 1659 summe
1220 1601 1440 1657 auersari
1468 1597 1768 1658 debeamus
1792 1606 1843 1657 δε
1870 1615 2056 1669 quam-

266 1688 346 1743 uis
373 1686 596 1759 gratiam
623 1680 885 1753 amplet'ti.

752 1817 1054 1892 Disticha
1093 1816 1537 1886 memorialia.

265 1953 312 1991 1.
354 1931 438 1991 O!
477 1930 639 1991 A10rs
663 1936 831 1995 certa,
873 1931 1066 1984 incerta
1089 1922 1221 1982 dies!
1261 1923 1545 1998 quisfhnfus
1583 1925 1635 1979 in
1670 1918 1795 1978 hora

469 2007 676 2066 Alortis
700 2006 838 2062 erit?
873 2004 1047 2077 quanti
1075 2009 1191 2058 tunc
1219 2003 1313 2056 erit
1337 2002 1419 2070 effe
1437 1997 1681 2072 probum?

264 2123 312 2161 2.
336 2101 597 2178 judicium
620 2097 785 2173 fatale
807 2095 976 2173 subit,
1000 2095 1197 2170 secreta
1215 2092 1456 2166 patebunt

464 2175 652 2233 Omnia
678 2216 694 2241 ,
734 2171 997 2247 clarescent
1034 2172 1113 2226 ira
1135 2212 1151 2236 ‚
1178 2173 1426 2243 furorque
1460 2163 1639 2223 DEI.

266 2289 315 2338 3.
350 2267 645 2343 Supplicium
669 2263 827 2340 Stygis
859 2259 1155 2318 horrendum
1190 2258 1403 2326 membra
1428 2260 1619 2322 omnia,
1649 2261 1851 2313 mentem

464 2341 812 2405 Excrucians,
852 2341 1021 2415 ingens
1043 2378 1060 2402 ,
1097 2334 1231 2409 quod
1239 2336 1341 2407 fine
1355 2335 1458 2404 fine
1482 2330 1659 2389 malum
1681 2330 1760 2405 est.

264 2460 316 2506 4.
355 2438 516 2496 Ανέῑα
540 2439 632 2492 via
664 2432 727 2505 est
757 2431 866 2489 coeli
902 2429 1041 2488 multi
1065 2427 1259 2505 perifre
1295 2431 1497 2494 vocati,

469 2509 724 2586 Mensura
753 2505 1061 2584 cstscelerum
1098 2512 1260 2574 certa,
1298 2510 1474 2562 notata
1511 2499 1694 2563 ΠΕΟ.

1703 2655 2058 2748 lV.Typus
